@BOOK{Martin200903, 
	title={Clean Code - Refactoring, Patterns, Testen und Techniken f√ºr sauberen Code: Deutsche Ausgabe},
	author={Robert C. Martin},
	publisher={mitp},
	year={2009},
	month={3},
	edition={2009},
	isbn={9783826655487},
	url={http://amazon.de/o/ASIN/3826655486/},
	price={EUR 39,95},
	totalpages={480},
	timestamp={2012.04.06}
}
@article{Green2011,
	author = {Green, Robert and Ledgard, Henry},
	title = {Coding Guidelines: Finding the Art in the Science},
	journal = {Queue},
	issue_date = {November 2011},
	volume = {9},
	number = {11},
	month = nov,
	year = {2011},
	issn = {1542-7730},
	pages = {10:10--10:22},
	articleno = {10},
	numpages = {13},
	url = {http://doi.acm.org/10.1145/2063166.2063168},
	doi = {10.1145/2063166.2063168},
	acmid = {2063168},
	publisher = {ACM},
	address = {New York, NY, USA}
} 
@article{Spinellis,
	author = {Spinellis, Diomidis},
	title = {Reading, Writing, and Code},
	journal = {Queue},
	issue_date = {10-01-2003},
	volume = {1},
	number = {7},
	month = oct,
	year = {2003},
	issn = {1542-7730},
	pages = {84--89},
	numpages = {6},
	url = {http://doi.acm.org/10.1145/957717.957782},
	doi = {10.1145/957717.957782},
	acmid = {957782},
	publisher = {ACM},
	address = {New York, NY, USA}
} 
